@book{csapp-mem,
    author = "Randal E. Bryant, David R. O'Hallaron",
    title = "Computer Systems - A Programmer's Perspective",
    publisher = "Pearson",
    year = 2016,
    isbn = "978-0-13-409266-9"
}

@misc{simd-avx,
    title = "CS:APP3e Web Aside OPT:SIMD:
Achieving Greater Parallelism with SIMD Instructions",
    author = "Randal E. Bryant, David R. O'Hallaron",
    url = "http://csapp.cs.cmu.edu/3e/waside/waside-simd.pdf",
    note = "Accessed: 14-12-2022",
    year = "2016"
}

@misc{nemlig-vækst,
  author       = {Cathrina Dybdahl},
  howpublished = {Internet},
  title        = {Stor vækst i nemlig.com},
  url          = {https://via.ritzau.dk/pressemeddelelse/stor-vaekst-i-nemligcom?publisherId=13560508&releaseId=13639791},
  year         = {2021},
  note         = {Accessed: 21-12-2022}
}


@misc{nemlig-udv,
  author       = {Signe Ferslev Pedersen},
  howpublished = {Internet},
  publisher    = {Finans},
  title        = {Nemlig.com slår tilbage på konkurrenternes offensiv: Udvider leveringsområde markant i hele landet},
  url          = {https://finans.dk/erhverv/ECE12127322/nemligcom-slaar-tilbage-paa-konkurrenternes-offensiv-udvider-leveringsomraade-markant-i-hele-landet},
  year         = {2020},
  note         = {Accessed: 26-12-2022}
}